005083536 FMT   L BK
005083536 LDR   L ^^^^^cam^a2202161^i^4500
005083536 001   L 005083536
005083536 005   L 20160209021136.0
005083536 008   L 011023s2001^^^^fi^|||||||||||||||||fin|^
005083536 015   L $$afx691568$$2skl
005083536 020   L $$a952-5329-15-1$$qnidottu
005083536 020   L $$a978-952-5329-15-5$$qnidottu
005083536 0243  L $$a9789525329155$$9FENNI<DROP>
005083536 035   L $$a(FI-MELINDA)005083536
005083536 040   L $$aFI-NL
005083536 0410  L $$afin
005083536 042   L $$afinb
005083536 080   L $$a11
005083536 080   L $$a52.2
005083536 080   L $$a524.85
005083536 080   L $$a52:11
005083536 080   L $$a52$$9FENNI<KEEP>
005083536 084   L $$a52$$2ykl$$9FENNI<KEEP>
005083536 084   L $$a52.2$$2ykl$$9FENNI<KEEP>
005083536 1001  L $$aValtaoja, Esko,$$d1951-
005083536 24510 L $$aKotona maailmankaikkeudessa /$$cEsko Valtaoja.
005083536 260   L $$aHelsingissä :$$bTähtitieteellinen yhdistys Ursa,$$c2001$$e(Jyväskylä :$$fGummerus)
005083536 300   L $$a333 s. ;$$c20 cm
005083536 336   L $$ateksti$$btxt$$2rdacontent
005083536 337   L $$akäytettävissä ilman laitetta$$bn$$2rdamedia
005083536 338   L $$anide$$bnc$$2rdacarrier
005083536 4901  L $$aUrsan julkaisuja,$$x0357-7937 ;$$v80
005083536 4901  L $$aJulkaisuja / Tähtitieteellinen yhdistys Ursa,$$x0357-7937 ;$$v80
005083536 500   L $$aLisäpainokset: 2. p. 2002.- 3. p. 2002. - 4. p. 2002. - 5. p. 2002.- 6. p. 2002. - 7. p. 2003. - 8. p. 2004.
005083536 500   L $$aLisäpainokset: 2.-6. p. 2002. - 7. p. 2003. - 8. p. 2004. - 9. p. 2006. - 10. p. 2007. - 12. p. 2011.$$9FENNI<KEEP>
005083536 530   L $$aJulkaistu myös painettuna.$$9FENNI<KEEP>
005083536 579   L $$aXPOIMITTU$$btamk
005083536 650 7 L $$aluonnontieteet$$2ysa
005083536 650 7 L $$aelämän synty$$xfilosofia$$2ysa
005083536 650 7 L $$aelämän tarkoitus$$2ysa
005083536 650 7 L $$aeksistenssi$$2ysa
005083536 650 7 L $$akosmologia$$xfilosofia$$2ysa
005083536 650 7 L $$amaailmankaikkeus$$xelämän synty$$2ysa
005083536 650 7 L $$afilosofia$$xmaailmankaikkeus$$2ysa
005083536 650 7 L $$akirjallisuuspalkinnot$$2ysa
005083536 650 7 L $$aTieto-Finlandia-palkinto$$2ysa
005083536 650 7 L $$atietokirjallisuus$$2ysa
005083536 650 7 L $$aufot$$2ysa
005083536 650 7 L $$aevoluutio$$2ysa
005083536 650 7 L $$akertomukset$$2ysa
005083536 650 7 L $$amaailmankaikkeuden synty$$2ysa$$9FENNI<KEEP>
005083536 650 7 L $$amaailmankaikkeus$$2ysa$$9FENNI<KEEP>
005083536 650 7 L $$akosmologia$$2ysa$$9FENNI<KEEP>
005083536 650 7 L $$aavaruus$$2ysa$$9FENNI<KEEP>
005083536 650 7 L $$atähtitiede$$2ysa$$9FENNI<KEEP>
005083536 650 7 L $$atähtitieteilijät$$2ysa$$9FENNI<KEEP>
005083536 650 7 L $$aavaruustutkimus$$2ysa$$9FENNI<KEEP>
005083536 650 7 L $$aastrobiologia$$2ysa$$9FENNI<KEEP>
005083536 650 7 L $$aelämän synty$$2ysa$$9FENNI<KEEP>
005083536 650 7 L $$avieraat sivilisaatiot$$2ysa$$9FENNI<KEEP>
005083536 650 7 L $$aTieto-Finlandia-palkinto$$y2002$$2ysa
005083536 650 7 L $$auniversums uppkomst$$2allars
005083536 650 7 L $$auniversum$$2allars
005083536 650 7 L $$akosmologi$$2allars
005083536 650 7 L $$arymden$$2allars
005083536 650 7 L $$aastronomi$$2allars
005083536 650 7 L $$aastronomer$$2allars
005083536 650 7 L $$arymdforskning$$2allars
005083536 650 7 L $$aastrobiologi$$2allars
005083536 650 7 L $$alivets uppkomst$$2allars
005083536 650 7 L $$anaturvetenskaper$$2allars
005083536 650 7 L $$atähtitiede$$2eks
005083536 650 7 L $$aavaruus$$2eks
005083536 653   L $$aFermin paradoksi
005083536 7102  L $$aTähtitieteellinen yhdistys Ursa.$$9FENNI<DROP>
005083536 77608 L $$iVerkkoaineisto:$$z978-952-5329-91-9$$9FENNI<KEEP>
005083536 830 0 L $$aUrsan julkaisuja,$$x0357-7937 ;$$v80.
005083536 830 0 L $$aJulkaisuja / Tähtitieteellinen yhdistys Ursa,$$x0357-7937 ;$$v80.
005083536 SID   L $$c65325$$bwilma
005083536 SID   L $$c465918$$balma
005083536 SID   L $$c235622$$barsca
005083536 SID   L $$c1571815$$bhelka
005083536 SID   L $$c343165$$bjosku
005083536 SID   L $$c864332$$bjykdo
005083536 SID   L $$c723326$$boula
005083536 SID   L $$c338045$$bselma
005083536 SID   L $$c338969$$btamca
005083536 SID   L $$c276016$$balli
005083536 SID   L $$c155067$$btutca
005083536 SID   L $$c874716$$bvolte
005083536 SID   L $$c105617$$bjuolu
005083536 SID   L $$c23791$$bhamk
005083536 SID   L $$c876179$$bvaari
005083536 SID   L $$c32861$$bceamk
005083536 SID   L $$c50340$$bhalti
005083536 SID   L $$c40476$$bseamk
005083536 SID   L $$c32542$$blamk
005083536 SID   L $$c42971$$bsamk
005083536 SID   L $$c46152$$bhurma
005083536 SID   L $$c29469$$baura
005083536 SID   L $$c40523$$bdiak
005083536 SID   L $$c23206$$bkamk
005083536 SID   L $$c62324$$boamk
005083536 SID   L $$c14661$$bjamk
005083536 SID   L $$c89809$$btamk
005083536 SID   L $$c2414$$bsavon
005083536 SID   L $$c32666$$bmetro
005083536 SID   L $$c691568$$bfenni
005083536 SID   L $$c(ANDL100008)391662$$bpiki
005083536 SID   L $$c(ANDL100013)180106$$bander
005083536 CAT   L $$aKU4021$$b30$$c20090424$$lFIN01$$h0952
005083536 CAT   L $$c20090529$$lFIN01$$h1908
005083536 CAT   L $$c20090529$$lFIN01$$h2023
005083536 CAT   L $$c20090529$$lFIN01$$h2151
005083536 CAT   L $$c20090529$$lFIN01$$h2334
005083536 CAT   L $$aID-JUOLU$$b$$c20100608$$lFIN01$$h0039
005083536 CAT   L $$aJLEHMUS$$b$$c20110818$$lFIN01$$h0337
005083536 CAT   L $$aID-ALLI$$b$$c20120208$$lFIN01$$h0549
005083536 CAT   L $$aCONV-ISBD$$b$$c20120402$$lFIN01$$h0904
005083536 CAT   L $$aLOAD-HAMK$$b$$c20120620$$lFIN01$$h0325
005083536 CAT   L $$aKVP4001$$b30$$c20120921$$lFIN01$$h1416
005083536 CAT   L $$aLOAD-HALTI$$b$$c20121117$$lFIN01$$h0211
005083536 CAT   L $$aLOAD-SEAMK$$b$$c20130302$$lFIN01$$h0252
005083536 CAT   L $$aLOAD-LAMK$$b$$c20130407$$lFIN01$$h0252
005083536 CAT   L $$aLOAD-SAMK$$b$$c20130525$$lFIN01$$h2345
005083536 CAT   L $$aLOAD-HURMA$$b$$c20130601$$lFIN01$$h0204
005083536 CAT   L $$aLOAD-SAMK$$b$$c20130605$$lFIN01$$h0348
005083536 CAT   L $$aLOAD-AURA$$b$$c20130608$$lFIN01$$h0901
005083536 CAT   L $$aLOAD-DIAK$$b$$c20131020$$lFIN01$$h0427
005083536 CAT   L $$aLOAD-KAMK$$b$$c20131102$$lFIN01$$h0638
005083536 CAT   L $$aLOAD-OAMK$$b$$c20131117$$lFIN01$$h0428
005083536 CAT   L $$aLOAD-FIX$$b$$c20131118$$lFIN01$$h1528
005083536 CAT   L $$aLOAD-JAMK$$b$$c20131202$$lFIN01$$h0253
005083536 CAT   L $$aKVP4001$$b30$$c20131203$$lFIN01$$h1142
005083536 CAT   L $$aLOAD-METRO$$b$$c20131214$$lFIN01$$h0519
005083536 CAT   L $$aLOAD-FIX$$b$$c20140118$$lFIN01$$h0921
005083536 CAT   L $$aLOAD-FIX$$b$$c20140125$$lFIN01$$h0148
005083536 CAT   L $$aLOAD-FIX$$b$$c20140201$$lFIN01$$h0407
005083536 CAT   L $$aLOAD-KVP$$b$$c20140223$$lFIN01$$h0306
005083536 CAT   L $$aARSCA4028$$b30$$c20140916$$lFIN01$$h0919
005083536 CAT   L $$aARSCA4028$$b30$$c20140916$$lFIN01$$h0925
005083536 CAT   L $$aLOAD-FIX$$b30$$c20150113$$lFIN01$$h1033
005083536 CAT   L $$aLOAD-FIX$$b30$$c20150318$$lFIN01$$h1100
005083536 CAT   L $$aLOAD-PIKI$$b$$c20150614$$lFIN01$$h0449
005083536 CAT   L $$aLOAD-FIX$$b30$$c20150629$$lFIN01$$h0353
005083536 CAT   L $$aLOAD-FIX$$b30$$c20160101$$lFIN01$$h1403
005083536 CAT   L $$aFENNI4005$$b30$$c20160127$$lFIN01$$h1156
005083536 CAT   L $$aLOAD-ANDER$$b$$c20160209$$lFIN01$$h0211
005083536 CAT   L $$aCONV-RDA$$b$$c20160319$$lFIN01$$h0819
005083536 901   L $$aMU20011025$$5FENNI
005083536 901   L $$aMM20080121$$5FENNI
005083536 LOW   L $$aALLI
005083536 LOW   L $$aALMA
005083536 LOW   L $$aARSCA
005083536 LOW   L $$aAURA
005083536 LOW   L $$aCEAMK
005083536 LOW   L $$aDIAK
005083536 LOW   L $$aFENNI
005083536 LOW   L $$aHALTI
005083536 LOW   L $$aHAMK
005083536 LOW   L $$aHELKA
005083536 LOW   L $$aHURMA
005083536 LOW   L $$aJAMK
005083536 LOW   L $$aJOSKU
005083536 LOW   L $$aJUOLU
005083536 LOW   L $$aJYKDO
005083536 LOW   L $$aKAMK
005083536 LOW   L $$aLAMK
005083536 LOW   L $$aMETRO
005083536 LOW   L $$aOAMK
005083536 LOW   L $$aOULA
005083536 LOW   L $$aPIKI
005083536 LOW   L $$aSAMK
005083536 LOW   L $$aSAVON
005083536 LOW   L $$aSEAMK
005083536 LOW   L $$aSELMA
005083536 LOW   L $$aTAIST
005083536 LOW   L $$aTAMCA
005083536 LOW   L $$aTAMK
005083536 LOW   L $$aTUTCA
005083536 LOW   L $$aVAARI
005083536 LOW   L $$aVOLTE
005083536 LOW   L $$aWILMA
005083536 LOW   L $$aANDER
