006458254 FMT   L BK
006458254 LDR   L ^^^^^cam^a2200733^i^4500
006458254 001   L 006458254
006458254 005   L 20160227182334.0
006458254 008   L 040119s2003^^^^fi^|||||||||||||||||swe|^
006458254 015   L $$afx747708$$2skl
006458254 020   L $$a951-52-2096-3$$qSöderström, sidottu
006458254 020   L $$a91-7486-778-4$$qAtlantis, sidottu
006458254 0248  L $$aA0803823
006458254 035   L $$a(FI-MELINDA)006458254
006458254 040   L $$aFI-NL
006458254 0411  L $$aswe$$hfin
006458254 042   L $$afinb
006458254 080   L $$a52$$9FENNI<KEEP>
006458254 084   L $$a52$$2ykl$$9FENNI<KEEP>
006458254 084   L $$a52.2$$2ykl$$9FENNI<KEEP>
006458254 1001  L $$aValtaoja, Esko.
006458254 24010 L $$aKotona maailmankaikkeudessa
006458254 24510 L $$aHemma i världsrymden /$$cEsko Valtaoja ; översättning: Philip Hildén.
006458254 260   L $$aHelsingfors :$$bSöderström ;$$aStockholm :$$bAtlantis,$$c2003.
006458254 300   L $$a327, [1] s. ;$$c22 cm
006458254 336   L $$ateksti$$btxt$$2rdacontent
006458254 337   L $$akäytettävissä ilman laitetta$$bn$$2rdamedia
006458254 338   L $$anide$$bnc$$2rdacarrier
006458254 583   L $$aBTJ.$$5FENNI
006458254 650 7 L $$amaailmankaikkeuden synty$$2ysa$$9FENNI<KEEP>
006458254 650 7 L $$amaailmankaikkeus$$2ysa$$9FENNI<KEEP>
006458254 650 7 L $$akosmologia$$2ysa$$9FENNI<KEEP>
006458254 650 7 L $$aavaruus$$2ysa$$9FENNI<KEEP>
006458254 650 7 L $$atähtitiede$$2ysa$$9FENNI<KEEP>
006458254 650 7 L $$atähtitieteilijät$$2ysa$$9FENNI<KEEP>
006458254 650 7 L $$aavaruustutkimus$$2ysa$$9FENNI<KEEP>
006458254 650 7 L $$aastrobiologia$$2ysa$$9FENNI<KEEP>
006458254 650 7 L $$aelämän synty$$2ysa$$9FENNI<KEEP>
006458254 650 7 L $$avieraat sivilisaatiot$$2ysa$$9FENNI<KEEP>
006458254 650 7 L $$aastronomer$$2allars
006458254 650 7 L $$aastronomi$$2allars
006458254 650 7 L $$afrämmande civilisationer$$2allars
006458254 650 7 L $$akosmologi$$2allars
006458254 650 7 L $$alivets uppkomst$$2allars
006458254 650 7 L $$arymden$$2allars
006458254 650 7 L $$arymdforskning$$2allars
006458254 650 7 L $$auniversum$$2allars
006458254 650 7 L $$auniversums uppkomst$$2allars
006458254 7001  L $$aHildén, Philip,$$d1923-.
006458254 SID   L $$c747708$$bfenni
006458254 SID   L $$c(ANDL100008)669326$$bpiki
006458254 SID   L $$c(ANDL100013)196872$$bander
006458254 CAT   L $$aLOAD-FENNI$$b$$c20131111$$lFIN01$$h1856
006458254 CAT   L $$aLOAD-FIX$$b$$c20140116$$lFIN01$$h2126
006458254 CAT   L $$aLOAD-FIX$$b$$c20140204$$lFIN01$$h0055
006458254 CAT   L $$aLOAD-FIX$$b30$$c20150124$$lFIN01$$h1203
006458254 CAT   L $$aLOAD-PIKI$$b$$c20150615$$lFIN01$$h0257
006458254 CAT   L $$aLOAD-FIX$$b30$$c20160110$$lFIN01$$h0158
006458254 CAT   L $$aLOAD-ANDER$$b$$c20160205$$lFIN01$$h0010
006458254 CAT   L $$aLOAD-FIX$$b$$c20160227$$lFIN01$$h1823
006458254 CAT   L $$aCONV-RDA$$b$$c20160319$$lFIN01$$h0833
006458254 901   L $$aMU20040122$$5FENNI
006458254 LOW   L $$aFENNI
006458254 LOW   L $$aPIKI
006458254 LOW   L $$aANDER
