007208885 FMT   L BK
007208885 LDR   L ^^^^^cam^a2200709^i^4500
007208885 001   L 007208885
007208885 005   L 20160127115841.0
007208885 007   L cr^||^^^^|||||
007208885 008   L 150413s2011^^^^fi^||||go^^^^|00|^0^fin|^
007208885 020   L $$a978-952-5329-91-9$$qEPUB+DRM
007208885 035   L $$a(FI-MELINDA)007208885
007208885 040   L $$aFI-NL
007208885 0410  L $$afin
007208885 042   L $$afinb
007208885 080   L $$a52$$9FENNI<KEEP>
007208885 084   L $$a52$$2ykl$$9FENNI<KEEP>
007208885 084   L $$a52.2$$2ykl$$9FENNI<KEEP>
007208885 1001  L $$aValtaoja, Esko,$$d1951-
007208885 24510 L $$aKotona maailmankaikkeudessa /$$cEsko Valtaoja.
007208885 256   L $$aTekstiä, 336 s.$$9FENNI<DROP>
007208885 260   L $$aHelsinki :$$bTähtitieteellinen yhdistys Ursa,$$c2011.
007208885 300   L $$a1 verkkoaineisto (269 s.).
007208885 336   L $$ateksti$$btxt$$2rdacontent
007208885 337   L $$atietokonekäyttöinen$$bc$$2rdamedia
007208885 338   L $$averkkoaineisto$$bcr$$2rdacarrier
007208885 4901  L $$aUrsan julkaisuja,$$x0357-7937 ;$$v80
007208885 506   L $$aKäyttöoikeus PIKI-kirjastokortilla$$5PIKI
007208885 530   L $$aJulkaistu myös painettuna.$$9FENNI<KEEP>
007208885 538   L $$aInternet-yhteys.$$9FENNI<KEEP>
007208885 538   L $$aInternet-yhteys, WWW-selain ; lukuohjelma
007208885 546   L $$aSuomi
007208885 588   L $$aNimeke nimiösivulta.$$9FENNI<KEEP>
007208885 650 7 L $$asähkökirjat$$2ysa
007208885 650 7 L $$amaailmankaikkeuden synty$$2ysa$$9FENNI<KEEP>
007208885 650 7 L $$amaailmankaikkeus$$2ysa$$9FENNI<KEEP>
007208885 650 7 L $$akosmologia$$2ysa$$9FENNI<KEEP>
007208885 650 7 L $$aavaruus$$2ysa$$9FENNI<KEEP>
007208885 650 7 L $$atähtitiede$$2ysa$$9FENNI<KEEP>
007208885 650 7 L $$atähtitieteilijät$$2ysa$$9FENNI<KEEP>
007208885 650 7 L $$aavaruustutkimus$$2ysa$$9FENNI<KEEP>
007208885 650 7 L $$aastrobiologia$$2ysa$$9FENNI<KEEP>
007208885 650 7 L $$aelämän synty$$2ysa$$9FENNI<KEEP>
007208885 650 7 L $$avieraat sivilisaatiot$$2ysa$$9FENNI<KEEP>
007208885 650 7 L $$aluonnontieteet$$2ysa
007208885 650 7 L $$aTieto-Finlandia-palkinto$$y2002$$2ysa
007208885 650 4 L $$aEllibs
007208885 77608 L $$iPainettu:$$z978-952-5329-15-5$$9FENNI<KEEP>
007208885 830 0 L $$aUrsan julkaisuja,$$x0357-7937 ;$$v80.
007208885 85640 L $$uhttp://urn.fi/URN:ISBN:978-952-5329-91-9$$zKäytettävissä vapaakappalekirjastoissa$$5FENNI
007208885 85670 L $$uhttps://www.ellibslibrary.com/piki/978-952-5329-91-9$$yTarkista e-kirjan saatavuus$$5PIKI$$9FENNI<DROP>
007208885 SID   L $$c(ANDL100008)3455630$$bpiki
007208885 CAT   L $$aLOAD-PIKI$$b$$c20150616$$lFIN01$$h0002
007208885 CAT   L $$aLOAD-FIX$$b30$$c20151206$$lFIN01$$h1505
007208885 CAT   L $$aLOAD-FIX$$b30$$c20151221$$lFIN01$$h1641
007208885 CAT   L $$aLOAD-FIX$$b30$$c20151222$$lFIN01$$h0419
007208885 CAT   L $$aLOAD-FIX$$b30$$c20160105$$lFIN01$$h0642
007208885 CAT   L $$aFENNI4005$$b30$$c20160127$$lFIN01$$h1155
007208885 CAT   L $$aFENNI4005$$b30$$c20160127$$lFIN01$$h1158
007208885 CAT   L $$aCONV-RDA$$b$$c20160319$$lFIN01$$h0825
007208885 901   L $$aSU20160127$$5FENNI
007208885 LOW   L $$aPIKI
007208885 LOW   L $$aFENNI
